@article{DBLP:journals/iacr/DavidChaumJKKRS16,
  author    = {David Chaum and
               Farid Javani and
               Aniket Kate and
               Anna Krasnova and
               Joeri de Ruiter and
               Alan T. Sherman},
  title     = {cMix: Anonymization byHigh-Performance Scalable Mixing},
  journal   = {{IACR} Cryptology ePrint Archive},
  volume    = {2016},
  pages     = {8},
  year      = {2016},
  url       = {http://eprint.iacr.org/2016/008},
  timestamp = {Wed, 13 Jan 2016 09:20:49 +0100},
  biburl    = {http://dblp.uni-trier.de/rec/bib/journals/iacr/DavidChaumJKKRS16},
  bibsource = {dblp computer science bibliography, http://dblp.org}
}

@article{Chaum:1981:UEM:358549.358563,
 author = {Chaum, David L.},
 title = {Untraceable Electronic Mail, Return Addresses, and Digital Pseudonyms},
 journal = {Commun. ACM},
 issue_date = {Feb. 1981},
 volume = {24},
 number = {2},
 month = feb,
 year = {1981},
 issn = {0001-0782},
 pages = {84--90},
 numpages = {7},
 url = {http://doi.acm.org/10.1145/358549.358563},
 doi = {10.1145/358549.358563},
 acmid = {358563},
 publisher = {ACM},
 address = {New York, NY, USA},
 keywords = {digital signatures, electronic mail, privacy, public key cryptosystems, security, traffic analysis}
} 

@article{sampigethaya2006survey,
  title={A survey on mix networks and their secure applications},
  author={Sampigethaya, Krishna and Poovendran, Radha},
  journal={Proceedings of the IEEE},
  volume={94},
  number={12},
  pages={2142--2181},
  year={2006},
  publisher={IEEE}
}


@inproceedings{jakobsson2002making,
  title={Making Mix Nets Robust For Electronic Voting By Randomized Partial Checking.},
  author={Jakobsson, Markus and Juels, Ari and Rivest, Ronald L}
}


@article{ribarski2012mixnets,
  title={Mixnets: Implementation and performance evaluation of decryption and re-encryption types},
  author={Ribarski, Pance and Antovski, Ljupcho},
  journal={CIT. Journal of Computing and Information Technology},
  volume={20},
  number={3},
  pages={225--231},
  year={2012},
  publisher={SRCE-Sveu{\v{c}}ili{\v{s}}ni ra{\v{c}}unski centar}
}

@article{benaloh2006simple,
  title={Simple Verifiable Elections.},
  author={Benaloh, Josh},
  year={2006}
}


